@article{KLAPISCH1971239,
title = "A program for atomic wavefunction computations by the parametric potential method",
journal = "Computer Physics Communications",
volume = "2",
number = "5",
pages = "239 - 260",
year = "1971",
issn = "0010-4655",
doi = "https://doi.org/10.1016/0010-4655(71)90001-4",
url = "http://www.sciencedirect.com/science/article/pii/0010465571900014",
author = "M. Klapisch",
keywords = "Atomic, Radial Wavefunctions, Central Field, Transition Probability, Spin-Orbit Coupling, Hyperfine Structure Fitting, Spectroscopy, Quality Criteria",
abstract = "Title of program: MAPPAC Catalogue number: AAKC Program obtainable from: CPC Program Library, Queen's University of Belfast, N. Ireland (see application form in this issue) Computer for which the program is designed and others upon which it is operableComputer: UNIVAC 1108; Installation: Orsay, France; C.D.C. 6600. Jerusalem, Israel. Programming language used: FORTRAN IV High speed storage required: 50 000 words of 36 bits Is the program overlaid? No Number of magnetic tapes: None What other peripherals are used?: Card Reader; Printer; Punch. Number of cards in combined program and test deck: 3600 Card punching code: IBM BCD 026"
}