





@article{doi:10.1063/1.555609,
author = {Sugar,Jack  and Corliss,Charles },
title = {Energy levels of calcium, Ca I through Ca XX},
journal = {Journal of Physical and Chemical Reference Data},
volume = {8},
number = {3},
pages = {865-916},
year = {1979},
doi = {10.1063/1.555609},

URL = { 
        https://doi.org/10.1063/1.555609
    
},
eprint = { 
        https://doi.org/10.1063/1.555609
    
}

}


